@inproceedings{ifrim2012properties,
  title={Properties of energy-price forecasts for scheduling},
  author={Ifrim, Georgiana and Oâ€™Sullivan, Barry and Simonis, Helmut},
  booktitle={Principles and Practice of Constraint Programming},
  pages={957--972},
  year={2012},
  organization={Springer}
}
